@misc{Robles2011,
author = {Robles, Roberto},
title = {{Consecuencias de la contaminaci\'{o}n del aire y de la atm\'{o}sfera del sector energ\'{e}tico y tendencias de las emisiones contaminantes}},
url = {http://www.amcham.co.cr/newsletters/201102/airecontamina.pdf},
year = {2011}
}
@article{Ben2010,
author = {Coxworth, Ben},
journal = {Gizmag},
title = {{No Title}},
url = {http://www.gizmag.com/self-regulating-traffic-lights-improve-vehicle-flow/16396/},
year = {2010}
}
@unpublished{Gilmore1993,
address = {Georgia},
author = {Gilmore, John F. and Elibiary, Khalid J.},
institution = {Georgia Tech Research Institute},
title = {{Traffic Management Applications of Neural Networks}},
url = {http://www.aaai.org/Papers/Workshops/1993/WS-93-04/WS93-04-012.pdf},
year = {1993}
}
@unpublished{Krishnani2008,
address = {Sacramento},
author = {Krishnani, Pramod and Sul, Dongun and Anyanwu, Chima},
institution = {California State University},
title = {{Automatic Traffic Light Control System}},
url = {http://www.google.co.cr/url?sa=t\&rct=j\&q=\&esrc=s\&source=web\&cd=2\&ved=0CD8QFjAB\&url=http://citeseerx.ist.psu.edu/viewdoc/download?doi=10.1.1.172.1950\&rep=rep1\&type=pdf\&ei=vNJ8T5zeNIaK8QSsuZjjDA\&usg=AFQjCNGPdc6mHU0snW8qDiB5LZYpBpg7VQ\&sig2=JKvp5TdUrOK7OKK-s02h8g},
year = {2008}
}
@unpublished{Ezell2010,
author = {Ezell, Stephen},
institution = {The Information Technology \& Innovation Foundation},
title = {{Expl aining intErnational it application lEadErship: Intelligent Transportation Systems}},
url = {http://www.itif.org/files/2010-1-27-ITS\_Leadership.pdf},
year = {2010}
}
@misc{mopt2012,
address = {San Jos\'{e}},
publisher = {Centro de Control de Tr\'{a}fico MOPT},
title = {{Datos sobre tiempos de cambio para luces de sem\'{a}foros}},
year = {2012}
}

@book{Kriesel2005,
author = {Kriesel, D},
title = {{A Brief Introduction to Neural Networks}},
url = {http://www.dkriesel.com/en/science/neural\_networks},
year = {2005}
}
@article{Hopfield1962,
author = {Hopfield, J},
title = {{Neural Networks and physical systems with emergent collective computational abilities}},
year = {1962}
}
@article{Ayad,
author = {Ayad, M and Ahmad, M.S. and Yusoff, M.Z.M. and Hammad,B},
title = {{Using Genetic Algorithm for Traffic Light Control System with a Pedestrian Crossing}},
url = {http://paper.ijcsns.org/07\_book/200902/20090212.pdf}
}
@article{Rajendra2005,
author = {Rajendra, Akerkar},
pages = {1--4},
title = {{Introduction to Artificial Intelligence. Prentice-Hall OF India Private Limited}},
year = {2005}
}
@misc{Greenman1998,
address = {New York},
author = {Greenman, C},
booktitle = {New York Times},
title = {{Choreographing the Dance of Traffic Lights. New York Times}},
url = {http://www.nytimes.com/1998/09/17/technology/choreographing-the-dance-of-traffic-lights.html},
year = {1998}
}
@misc{Kumar2007,
address = {New Delhi},
author = {Kumar, G},
pages = {2--4},
title = {{Artificial Neural Network and Its Application}},
url = {http://www.iasri.res.in/ebook/EBADAT/5-Modeling and Forecasting Techniques in Agriculture/5-ANN\_GKJHA\_2007.pdf},
year = {2007}
}
@article{Gallant1993,
author = {Gallant, S},
journal = {MIT Press},
pages = {133},
title = {{Neural Network Learning and Expert Systems}},
year = {1993}
}
@misc{Villegas2012,
address = {San Jos\'{e}},
author = {Villegas, J and Herrera, L},
booktitle = {La Naci\'{o}n},
title = {{260.000 autos y 19.000 buses atascan San Jos\'{e} cada d\'{\i}a}},
url = {http://www.nacion.com/2012-03-17/ElPais/260-000-autos-y-19-000-buses-atascan-san-jose-cada-dia.aspx},
year = {2012}
}
@misc{Loaiza2007,
address = {San Jos\'{e}},
author = {Loaiza, V},
booktitle = {La Naci\'{o}n},
title = {{Capital estrena sem\'{a}foros inteligentes en 180 intersecciones}},
url = {http://wvw.nacion.com/ln\_ee/2007/noviembre/28/pais1332560.html},
year = {2007}
}
@misc{Mata2009,
address = {San Jos\'{e}},
author = {Mata, Alonso},
booktitle = {La Naci\'{o}n},
title = {{Acceso libre a San Jos\'{e} provoca colapso vial}},
url = {http://wvw.nacion.com/ln\_ee/2009/junio/16/pais1997637.html},
year = {2009}
}
@book{ConferenciaEuropeadeMinistrosdeTransporte206,
author = {{Conferencia Europea de Ministros de Transporte}},
title = {{Gesti\'{o}n de Velocidad}},
url = {http://books.google.co.cr/books?id=n1fiGOhmF68C\&pg=PT42\&dq=Consumo+de+combustible+en+marchas+inferiores\&hl=en\&sa=X\&ei=v6iCT5SKHsi-twfJsYifBg\&ved=0CEAQ6AEwAg\#v=onepage\&q=Consumo de combustible en marchas inferiores\&f=false},
year = {206}
}
@misc{Fallas2007,
address = {San Jos\'{e}},
author = {Fallas, Hassel},
booktitle = {La Naci\'{o}n},
title = {{Choferes ven m\'{a}s presas en capital}},
url = {http://wvw.nacion.com/ln\_ee/2007/enero/29/pais976503.html},
year = {2007}
}
@book{Longo2011,
author = {et al Longo, Jameson},
publisher = {McGraw Hill},
title = {{Harrison's Principles of internal medicine}},
url = {URL http://www.amazon.com/Harrisons-Principles-Internal-Medicine-Volumes/dp/007174889X/ref=sr\_1\_1?ie=UTF8\&qid=1329942776\&sr=8-1.},
year = {2011}
}
@misc{Hilera1995,
author = {Hilera and Mart\'{\i}nez},
publisher = {Addison Wesley},
title = {{Redes Neuronales Artificiales. Fundamentos, Modelos y Aplicaciones}},
year = {1995}
}
@misc{Graupe2007,
author = {Graupe, D},
publisher = {World Scientific},
title = {{Principles of Artificial Neural Networks}},
year = {2007}
}
@techreport{Dayan,
author = {Dayan, P},
institution = {MIT},
title = {{Unsupervised Learning}},
url = {http://www.gatsby.ucl.ac.uk/~dayan/papers/dun99b.pdf}
}
@misc{Basogain,
address = {Bilbao},
author = {Basogain, Xavier},
publisher = {Escuela Superior de Ingenier\'{\i}a de Bilbao},
title = {{REDES NEURONALES ARTIFICIALES Y SUS APLICACIONES}},
url = {http://ocw.ehu.es/ensenanzas-tecnicas/redes-neuronales-artificiales-y-sus-aplicaciones/contenidos/pdf/libro-del-curso}
}
@article{Srinivasan2006,
author = {Srinivasan, Dipti and Chee, Min and Long, Ruey},
journal = {IEEE},
number = {3},
pages = {261--272},
title = {{Neural Networks for Real-Time Traffic Signal Control}},
url = {http://www.jhuapl.edu/spsa/PDF-SPSA/Srinivasan\_etal\_IEEETITS06.pdf},
volume = {7},
year = {2006}
}
@phdthesis{Ramirez2012,
author = {Ram\'{\i}rez, Eddy},
school = {Instituto Tecnol\'{o}gico de Costa Rica},
title = {{Reconocimiento de patrones en juegos utilizando redes neuronales}},
year = {2012}
}
@misc{Fritsch1996,
author = {Fritsch},
title = {{Modular neural networks for speech recognition}},
year = {1996}
}
@misc{Brinckerhoff2010,
author = {Brinckerhoff, P and Farradyne, T},
title = {{Evaluation of Active Traffic Management Strategies}},
url = {http://www.metrocouncil.org/planning/transportation/MHSIS/AppEATMmodel.pdf},
year = {2010}
}
@techreport{Turnbull,
address = {Texas, USA},
author = {Turnbull, K},
institution = {Texas Transportation Institute},
title = {{Transit benefits from advanced transportation management centers}},
url = { http://www.etcproceedings.org/paper/transit-benefits-from-advanced-transportation-management-centres-45}
}






























