@unpublished{Krishnani2008,
address = {Sacramento},
author = {Krishnani, Pramod and Sul, Dongun and Anyanwu, Chima},
institution = {California State University},
title = {{Automatic Traffic Light Control System}},
url = {http://www.google.co.cr/url?sa=t\&rct=j\&q=\&esrc=s\&source=web\&cd=2\&ved=0CD8QFjAB\&url=http://citeseerx.ist.psu.edu/viewdoc/download?doi=10.1.1.172.1950\&rep=rep1\&type=pdf\&ei=vNJ8T5zeNIaK8QSsuZjjDA\&usg=AFQjCNGPdc6mHU0snW8qDiB5LZYpBpg7VQ\&sig2=JKvp5TdUrOK7OKK-s02h8g},
year = {2008}
}
@article{Ben2010,
author = {Coxworth, Ben},
journal = {Gizmag},
title = {{No Title}},
url = {http://www.gizmag.com/self-regulating-traffic-lights-improve-vehicle-flow/16396/},
year = {2010}
}
@misc{Robles2011,
author = {Robles, Roberto},
howpublished = {http://www.amcham.co.cr/newsletters/201102/airecontamina.pdf},
title = {{Consecuencias de la contaminaci\'{o}n del aire y de la atm\'{o}sfera del sector energ\'{e}tico y tendencias de las emisiones contaminantes}},
url = {http://www.amcham.co.cr/newsletters/201102/airecontamina.pdf},
year = {2011}
}
@url{Gilmore1993,
address = {Georgia},
author = {Gilmore, John F. and Elibiary, Khalid J.},
institution = {Georgia Tech Research Institute},
title = {{Traffic Management Applications of Neural Networks}},
url = {http://www.aaai.org/Papers/Workshops/1993/WS-93-04/WS93-04-012.pdf},
year = {1993}
}
